<?xml version="1.0" encoding="UTF-8"?><collection xmlns="http://www.loc.gov/MARC21/slim"><record><leader>00324nam--2200121-i-4500</leader><controlfield tag="001">000016382</controlfield><controlfield tag="002">20161230</controlfield><controlfield tag="005">20161230201031</controlfield><controlfield tag="008">060222s1000------------r-----000-0-eng-d</controlfield><datafield ind1=" " ind2=" " tag="100"><subfield code="a">Overeijnder,Hans</subfield></datafield><datafield ind1=" " ind2=" " tag="245"><subfield code="a">Electron and ion induced sputtering of alkali halides</subfield></datafield><datafield ind1=" " ind2=" " tag="260"><subfield code="a">Amsterdam,Universiteit,1978. 89 P</subfield></datafield><datafield ind1=" " ind2=" " tag="852"><subfield code="a">78156</subfield></datafield></record></collection>